<record><leader>00000cas a22000007a 4500</leader><controlfield tag="001">14389749</controlfield><controlfield tag="008">861013d19761992inuir ne      0    0eng d</controlfield><datafield ind1=" " ind2=" " tag="010"><subfield code="a">sn 86059054 </subfield></datafield><datafield ind1=" " ind2=" " tag="040"><subfield code="a">NPI</subfield><subfield code="b">eng</subfield><subfield code="c">NPI</subfield><subfield code="d">OCLCQ</subfield><subfield code="d">IUL</subfield><subfield code="d">OCLCF</subfield></datafield><datafield ind1=" " ind2=" " tag="042"><subfield code="a">msc</subfield></datafield><datafield ind1=" " ind2=" " tag="043"><subfield code="a">n-us-in</subfield></datafield><datafield ind1="0" ind2="0" tag="245"><subfield code="a">Berne tri-weekly news.</subfield></datafield><datafield ind1=" " ind2=" " tag="260"><subfield code="a">Berne, Ind. :</subfield><subfield code="b">[s.n.],</subfield><subfield code="c">1976-1992.</subfield></datafield><datafield ind1=" " ind2=" " tag="300"><subfield code="a">17 v. :</subfield><subfield code="b">ill. ;</subfield><subfield code="c">58 cm.</subfield></datafield><datafield ind1=" " ind2=" " tag="310"><subfield code="a">Three issues per week</subfield></datafield><datafield ind1="0" ind2=" " tag="362"><subfield code="a">Vol. 80, no. 193 (Aug. 16, 1976)-v. 96, no. 152 (Dec. 30, 1992).</subfield></datafield><datafield ind1=" " ind2="0" tag="651"><subfield code="a">Berne (Ind.)</subfield><subfield code="v">Newspapers.</subfield></datafield><datafield ind1=" " ind2="0" tag="651"><subfield code="a">Adams County (Ind.)</subfield><subfield code="v">Newspapers.</subfield></datafield><datafield ind1=" " ind2="7" tag="651"><subfield code="a">Indiana</subfield><subfield code="z">Adams County.</subfield><subfield code="2">fast</subfield><subfield code="0">(OCoLC)fst01208878</subfield></datafield><datafield ind1=" " ind2="7" tag="651"><subfield code="a">Indiana</subfield><subfield code="z">Berne.</subfield><subfield code="2">fast</subfield><subfield code="0">(OCoLC)fst01224649</subfield></datafield><datafield ind1=" " ind2="7" tag="655"><subfield code="a">Newspapers.</subfield><subfield code="2">fast</subfield><subfield code="0">(OCoLC)fst01423814</subfield></datafield><datafield ind1=" " ind2=" " tag="752"><subfield code="a">United States</subfield><subfield code="b">Indiana</subfield><subfield code="c">Adams</subfield><subfield code="d">Berne.</subfield></datafield><datafield ind1="0" ind2="0" tag="780"><subfield code="t">Adams County sun &amp; Berne daily witness</subfield><subfield code="w">(DLC)sn 86059049</subfield><subfield code="w">(OCoLC)14389734</subfield></datafield><datafield ind1="0" ind2="0" tag="785"><subfield code="t">Berne tri-weekly</subfield><subfield code="w">(DLC)sn 99063505</subfield><subfield code="w">(OCoLC)42205273</subfield></datafield></record>